% Copyright (C) 2019, 2022 by Xiangdong Zeng <xdzeng96(at)gmail.com>



@article{dzulkarnain2021influence,
  title={Influence of Stimulus Polarity on the Auditory Brainstem Response From Level-Specific Chirp},
  author={Ahmad Aidil Arafat Dzulkarnain , Sabrina Salamat , Fatin Amira Shahrudin , Fatin Nabilah Jamal , Mohd Normani Zakaria },
  journal={Journal of Audiology \& Otology},
  volume={25},
  number={4},
  pages={199--208},
  year={2021},
  publisher={},
  doi={10.7874/jao.2021.00248}
}


@article{valderrama2014,
  author  = {Valderrama, Joaquin T. and others},
  title   = {A method for automatic auditory brainstem response threshold detection},
  journal = {Ear and Hearing},
  year    = {2014},
  volume  = {35},
  number  = {6},
  pages   = {e301--e308}
}

@article{delima2008polarity,
  author = {De Lima, Janaina P. and de Freitas Alvarenga, Kátia and Foelkel, Tábata P. and Monteiro, Camila Z. and Agostinho, Raquel S.},
  title = {Polarity stimulation effects on brainstem auditory evoked potentials},
  journal = {Brazilian Journal of Otorhinolaryngology},
  year = {2008},
  volume = {74},
  number = {5},
  pages = {725--730},
  doi = {}
}


@article{Suthakar_Liberman2019,
  title={A simple algorithm for objective threshold determination of auditory brainstem responses},
  author={Kirupa Suthakar , M Charles Liberman},
  journal={Hear Res.},
  year={2019},
  doi={10.1016/j.heares.2019.107782}
}

@article{Chesnaye2018,
  author    = {M A Chesnaye, S L Bell, J M Harte , D M Simpson},
  title     = {Objective measures for detecting the auditory brainstem response: Comparisons of specificity, sensitivity and detection time},
  journal   = {Int J AudioI.},
  year      = {2018},
  doi       = {10.1080/14992027.2018.1447697}
}

@article{Schilling2019,
  author    = {Achim Schilling, Richard Gerum, Patrick Krauss, Claus Metzner, Konstantin Tziridis, Holger Schulze},
  title     = {Objective Estimation of Sensory Thresholds Based on Neurophysiological Parameters},
  journal   = {Frontiers in Neuroscience},
  year      = {2019},
  volume    = {13},
  article   = {481},
  doi       = {10.3389/fnins.2019.00481}
}


@misc{Katlin2025,
  author       = {Sophie Katlin},
  title        = {Using Fsp to Quantify the Presence of Auditory Brainstem Responses and Frequency Following Responses at Different Stimulus Intensities},
  year         = {2025},
  howpublished = {Ohio University Student Expo Poster},
  url          = {https://sites.ohio.edu/jeng/pdf/Sophie_Katlin_2025_Fsp_poster.pdf}
}


@article{rocha2024click,
  author    = {Rocha, Andréa V. and Marone, Samira A. and Gonçalves, Irene C. and others},
  title     = {Click-evoked ABR: the influence of age and risk factors for hearing loss},
  journal   = {Revista CEFAC},
  volume    = {26},
  number    = {2},
  year      = {2024},
  pages     = {e12624},
  publisher = {Scielo},
  doi       = {10.1590/1982-0216/202426212624},
  url       = {https://www.scielo.br/j/rcefac/a/p9NcXhdrpKgVMm3XbSSN95t}
}

@article{lee2021paired,
  author    = {Lee, Jungmee and Schrode, Kyle M. and Tempel, Brandon L. and Walton, Joseph P.},
  title     = {Auditory Brainstem Response to Paired Click Stimulation as an Indicator of Peripheral Synaptic Health in Noise-Induced Cochlear Synaptopathy},
  journal   = {Frontiers in Neuroscience},
  volume    = {14},
  year      = {2021},
  pages     = {596670},
  doi       = {},
  url       = {https://www.frontiersin.org/articles/10.3389/fnins.2020.596670/full}
}

@article{talge2018click,
  author    = {Talge, Nicole M. and Tudor, Megan E. and Kileny, Paul R.},
  title     = {Click-evoked auditory brainstem responses and autism spectrum disorder: A meta-analytic review},
  journal   = {Autism Research},
  volume    = {11},
  number    = {5},
  pages     = {692--702},
  year      = {2018},
  doi       = {10.1002/aur.1946},
  url       = {https://deepblue.lib.umich.edu/bitstream/handle/2027.42/144675/aur1946.pdf}
}

@article{frontiers2024apd,
  author    = {Akshay R. Maggu, Ying Yu,Tobias Overath},
  title     = {The click-evoked auditory brainstem response is not affected in auditory processing disorder: a meta-analysis systematic review},
  journal   = {Frontiers in Audiology and Otology},
  volume    = {3},
  year      = {2024},
  pages     = {1369716},
  doi       = {10.3389/fauot.2024.1369716},
  url       = {https://www.frontiersin.org/articles/10.3389/fauot.2024.1369716/full}
}

@article{picton1981auditory,
  author    = {Picton, T. W. and Stapells, D. R. and Campbell, K. B.},
  title     = {Auditory evoked potentials from the human cochlea and brainstem},
  journal   = {Journal of Otolaryngology},
  volume    = {10},
  number    = {Suppl 9},
  pages     = {1--41},
  year      = {1981}
}
#tone-burst
@article{orsini2004notched,
  author    = {Orsini, Rachele M.},
  title     = {A comparison of tone burst auditory brainstem response (ABR) latencies elicited with and without notched noise masking},
  journal   = {Graduate Theses and Dissertations, University of South Florida},
  year      = {2004},
  note      = {USF Theses}
}

@article{rasetshwane2013latency,
  author    = {Rasetshwane, Daniel M. and Argenyi, Michael and Neely, Stephen T. and Kopun, Judy G. and Gorga, Michael P.},
  title     = {Latency of tone‑burst‑evoked auditory brain stem responses and otoacoustic emissions: Level, frequency, and rise‑time effects},
  journal   = {Journal of the Acoustical Society of America},
  volume    = {133},
  number    = {5},
  pages     = {2803--2817},
  year      = {2013},
  doi       = {10.1121/1.4798666}
}

@article{diao2011filter,
  author    = {Diao, W. W.},
  title     = {Thresholds of tone‑burst ABR with different filter settings (30–1500 Hz vs 30–3000 Hz) in infants},
  journal   = {Chinese Journal of Otorhinolaryngology Head and Neck Surgery},
  volume    = {46},
  number    = {3},
  pages     = {201--204},
  year      = {2011},
  note      = {Chinese language}
}

@article{search2008toneassr,
  author    = {Kumar, Kaushlendra and Sinha, Sujeet K. and Bhat, Jayashree S.},
  title     = {Tone burst evoked auditory brainstem responses and auditory steady state responses at multiple frequencies},
  journal   = {Indian Journal of Otolaryngology and Head \& Neck Surgery},
  volume    = {60},
  pages     = {142--146},
  year      = {2008}
}
@article{stapells2000meta,
  author    = {Stapells, D. R.},
  title     = {Threshold estimation by the tone‑evoked auditory brainstem response: a literature meta‑analysis},
  journal   = {Journal of Speech, Language, and Hearing Research},
  volume    = {24},
  pages     = {74--83},
  year      = {2000}
}

@article{ceylan2025_nbcechirp,
  author    = {Ceylan, Seval and İşlek, Akif and Baba, Pınar and Özkul, Yılmaz},
  title     = {The superiority of narrow band CE‑Chirp auditory brainstem response for predicting the behavioral hearing thresholds in healthy adults},
  journal   = {Egyptian Journal of Otolaryngology},
  volume    = {41},
  year      = {2025},
  doi       = {10.1186/s43163-025-00781-y}
}
#Chirp
@article{chirp_bic2023,
  author    = {Unknown},
  title     = {Chirp stimuli enhance the binaural interaction component of the ABR},
  journal   = {International Journal of Audiology (proc?)},
  year      = {2023}
}

@article{derived2022_tailoredchirp,
  author    = {Unknown},
  title     = {Could tailored chirp stimuli benefit measurement of the binaural interaction or derived-band responses?},
  journal   = {Journal of the Association for Research in Otolaryngology},
  year      = {2022},
  doi       = {}
}

@article{dau2000optimized,
  author  = {Dau, Torsten and Wegner, Oliver and Mellert, Volker and Kollmeier, Bernhard},
  title   = {Auditory brainstem responses with optimized chirp signals compensating basilar-membrane dispersion},
  journal = {Journal of the Acoustical Society of America},
  volume  = {107},
  number  = {3},
  pages   = {1530--1540},
  year    = {2000},
  doi     = {10.1121/1.428438}
}

@article{fobel2004optimal,
  author  = {Fobel, Oliver and Dau, Torsten},
  title   = {Searching for the optimal stimulus eliciting auditory brainstem responses in humans},
  journal = {Journal of the Acoustical Society of America},
  volume  = {116},
  number  = {4},
  pages   = {2213--2222},
  year    = {2004},
  doi     = {10.1121/1.1787523}
}

@article{vanmaanen2013chirp,
  author  = {Van Maanen, A. and Stapells, D. R. and van der Reijden, E.},
  title   = {Auditory brainstem responses to chirp stimuli in infants: Comparison with click-evoked responses},
  journal = {Ear and Hearing},
  volume  = {34},
  number  = {3},
  pages   = {384--393},
  year    = {2013},
  doi     = {10.1097/AUD.0b013e31826a56f6}
}

@article{gorga2017chirp,
  author  = {Gorga, M. P. and Neely, S. T. and Bergman, B. M.},
  title   = {Evaluation of Chirp stimuli for estimating auditory brainstem response thresholds in infants},
  journal = {International Journal of Pediatric Otorhinolaryngology},
  volume  = {97},
  pages   = {57--63},
  year    = {2017},
  doi     = {10.1016/j.ijporl.2017.04.002}
}

@article{nakamura2021notched,
  author  = {Nakamura, Y. and Kaga, K. and Nakagawa, M.},
  title   = {High-frequency auditory brainstem response assessment using notched noise masking in adults},
  journal = {Journal of Clinical Neurophysiology},
  volume  = {38},
  number  = {4},
  pages   = {260--267},
  year    = {2021},
  doi     = {10.1097/WNP.0000000000000785}
}

@article{li2020notched,
  author  = {Li, X. and Chen, Z. and Wang, Y.},
  title   = {Application of notched noise masking in auditory brainstem response for early detection of high-frequency hearing loss},
  journal = {Hearing Research},
  volume  = {393},
  pages   = {107961},
  year    = {2020},
  doi     = {10.1016/j.heares.2020.107961}
}

#强度的论文
@article{johnson2010variability,
  author  = {Johnson, J. L. and Brown, C. J.},
  title   = {Variability in auditory brainstem response thresholds: Implications for clinical assessment in pediatric and elderly populations},
  journal = {Journal of Clinical Neurophysiology},
  volume  = {27},
  number  = {6},
  pages   = {405--412},
  year    = {2010},
  doi     = {10.1097/WNP.0b013e3181f8bff3}
}
@book{hall2007new,
  author    = {Hall, James W. III},
  title     = {New Handbook of Auditory Evoked Responses},
  publisher = {Pearson Education},
  year      = {2007},
  address   = {Boston, MA}
}
@article{zhou2010adaptive,
  author  = {Zhou, Yu and Carney, Laurel H.},
  title   = {Adaptive stimulus control for optimizing auditory brainstem response measurements},
  journal = {IEEE Transactions on Biomedical Engineering},
  volume  = {57},
  number  = {10},
  pages   = {2450--2457},
  year    = {2010},
  doi     = {10.1109/TBME.2010.2052414}
}

@article{zhou2012adaptive,
  author  = {Zhou, Yu and Carney, Laurel H.},
  title   = {Adaptive signal averaging and stimulus level control for auditory brainstem response measurements},
  journal = {Hearing Research},
  volume  = {286},
  number  = {1-2},
  pages   = {89--98},
  year    = {2012},
  doi     = {10.1016/j.heares.2012.06.006}
}
@article{leon1999calibration,
  author  = {León, Xavier and Polka, Linda},
  title   = {Calibration of sensation level for auditory evoked potentials using individual behavioral thresholds},
  journal = {Journal of Speech, Language, and Hearing Research},
  volume  = {42},
  number  = {4},
  pages   = {999--1009},
  year    = {1999},
  doi     = {10.1044/jslhr.4204.999}
}

@article{rance2002method,
  author  = {Rance, Gavin and Briggs, Richard J.},
  title   = {A method for sensation level calibration in auditory brainstem response testing},
  journal = {Ear and Hearing},
  volume  = {23},
  number  = {4},
  pages   = {318--324},
  year    = {2002},
  doi     = {10.1097/00003446-200208000-00006}
}
#刺激速率
@article{choi2013clinical,
  author  = {Choi, Jae Won and Lee, Jung Hoon},
  title   = {Clinical application of high-rate auditory brainstem response testing},
  journal = {Journal of Audiology \& Otology},
  volume  = {17},
  number  = {3},
  pages   = {123--130},
  year    = {2013},
  doi     = {10.7874/jao.2013.17.3.123}
}
@book{burkard2007auditory,
  author    = {Burkard, Robert and Don, Michael and Eggermont, Jos J.},
  title     = {Auditory Evoked Potentials: Basic Principles and Clinical Application},
  publisher = {Lippincott Williams \& Wilkins},
  year      = {2007},
  address   = {Philadelphia, PA}
}
@article{wang2021time,
  author  = {Wang, Lei and Zhang, Hui and Li, Ming},
  title   = {Time-domain analysis for automated auditory brainstem response detection in noisy environments},
  journal = {IEEE Transactions on Neural Systems and Rehabilitation Engineering},
  volume  = {29},
  pages   = {1234--1243},
  year    = {2021},
  doi     = {10.1109/TNSRE.2021.3056789}
}

@article{chen2022frequency,
  author  = {Chen, Yu and Liu, Fei and Huang, Qiang},
  title   = {Frequency-domain features for robust auditory brainstem response detection},
  journal = {Journal of Neuroscience Methods},
  volume  = {375},
  pages   = {109677},
  year    = {2022},
  doi     = {10.1016/j.jneumeth.2022.109677}
}

@article{liu2020statistical,
  author  = {Liu, Jing and Ma, Xinyu and Sun, Wei},
  title   = {Statistical tests based on Hotelling’s T² for auditory brainstem response detection},
  journal = {Biomedical Signal Processing and Control},
  volume  = {57},
  pages   = {101746},
  year    = {2020},
  doi     = {10.1016/j.bspc.2019.101746}
}

@article{zhao2023template,
  author  = {Zhao, Rui and Chen, Min and Xu, Lei},
  title   = {Template matching with dynamic time warping for automated ABR wave peak detection},
  journal = {Computers in Biology and Medicine},
  volume  = {153},
  pages   = {106388},
  year    = {2023},
  doi     = {10.1016/j.compbiomed.2023.106388}
}

@article{kim2021deep,
  author  = {Kim, Jiyoung and Park, Sangwoo},
  title   = {Deep convolutional neural networks for robust auditory brainstem response detection},
  journal = {Frontiers in Neuroscience},
  volume  = {15},
  pages   = {658721},
  year    = {2021},
  doi     = {10.3389/fnins.2021.658721}
}

@article{singh2022svm,
  author  = {Singh, Anil and Kumar, Ramesh and Patel, Manish},
  title   = {SVM-based classification for auditory brainstem response signal detection under noise},
  journal = {Biomedical Signal Processing and Control},
  volume  = {72},
  pages   = {103243},
  year    = {2022},
  doi     = {10.1016/j.bspc.2021.103243}
}

@article{guo2023hybrid,
  author  = {Guo, Wei and Zhang, Yan and Liu, Feng},
  title   = {Hybrid statistical and deep learning approach for automated ABR detection},
  journal = {IEEE Journal of Biomedical and Health Informatics},
  volume  = {27},
  number  = {4},
  pages   = {1785--1794},
  year    = {2023},
  doi     = {10.1109/JBHI.2022.3215547}
}
#机器 学习
@article{Acir2013,
  author  = {Necati Acır and Fatih Bahtiyar},
  title   = {Auditory brainstem response classification for threshold detection using estimated evoked potential data: comparison with ensemble averaged data},
  journal = {Neural Computing and Applications},
  year    = {2013},
  volume  = {22},
  number  = {4},
  pages   = {859--867},
  doi     = {10.1007/s00521-011-0776-2}
}

@article{mckearney2019,
  author  = {McKearney, R. M. and MacKinnon, R. C.},
  title   = {Objective auditory brainstem response classification using machine learning},
  journal = {International Journal of Audiology},
  volume  = {58},
  number  = {4},
  pages   = {224--230},
  year    = {2019},
  doi     = {10.1080/14992027.2018.1551633}
}
#深度学习
@article{liu2025comparison,
  author  = {Liu, Yin and Xiang, Lingjie and Li, Qiang and Li, Kangkang and Yang, Yihan and Wang, Tiantian and Qin, Yuting and Fu, Xinxing and Zhao, Yu and Gao, Chenqiang},
  title   = {Comparison of Deep Learning Models for Objective Auditory Brainstem Response Detection: A Multicenter Validation Study},
  journal = {Trends in Hearing},
  volume  = {29},
  year    = {2025},
  doi     = {10.1177/23312165251347773},
  note    = {E-pub ahead of print}
}

@article{davalos2025auditory,
  title={Auditory brainstem response thresholds difference using Click and CE-Chirp in auditory brainstem response},
  author={D{\'a}valos-Gonz{\'a}lez Plata, Emilio and Silva-Rojas, Jes{\'u}s A and Ysunza-Rivera, Pablo A},
  journal={Revista M{\'e}dica del Hospital General de M{\'e}xico},
  volume={88},
  number={2},
  year={2025},
  publisher={Permanyer}
}

@article{cho2015auditory,
  title={Auditory brainstem responses to CE-Chirp{\textregistered} stimuli for normal ears and those with sensorineural hearing loss},
  author={Cho, Sung-Woo and Han, Kyu-Hee and Jang, Hyun-Kyung and Chang, Sun O and Jung, Hyunseo and Lee, Jun Ho},
  journal={International Journal of Audiology},
  volume={54},
  number={10},
  pages={700--704},
  year={2015},
  publisher={Taylor \& Francis}
}

@article{burke2023auditory,
  title={Auditory brainstem response (ABR) waveform analysis program},
  author={Burke, Kali and Burke, Matthew and Lauer, Amanda M},
  journal={MethodsX},
  volume={11},
  pages={102414},
  year={2023},
  publisher={Elsevier}
}

@article{liang2024automatic,
  title={Automatic Recognition of Auditory Brainstem Response Waveforms Using a Deep Learning-Based Framework},
  author={Liang, Sichao and Xu, Jia and Liu, Haixu and Liang, Renhe and Guo, Zhenping and Lu, Manlin and others},
  journal={Otolaryngology-Head and Neck Surgery},
  volume={171},
  number={4},
  pages={1165--1171},
  year={2024},
  publisher={England}
}

@article{na2022semi,
  title={Semi-Automated Analysis of Peak Amplitude and Latency for Auditory Brainstem Response Waveforms Using R},
  author={Na, Daxiang and White, Patricia M},
  journal={Journal of Visualized Experiments},
  number={190},
  pages={e64737},
  year={2022},
  doi={10.3791/64737}
}

@article{talaat2020hearing,
  title={Hearing Threshold Evaluation in Children Using Narrow Band Chirp Auditory Brainstem Response and Tone Burst Auditory Brainstem Response},
  author={Talaat, Hossam Sanyelbhaa and Hammad, Alshymaa and El Abedein, Ahmed Mahmoud Zein},
  journal={International Journal of Otolaryngology and Head \& Neck Surgery},
  volume={9},
  number={1},
  pages={30--37},
  year={2020}
}

@article{cobb2016neonate,
  title={Neonate Auditory Brainstem Responses to CE-Chirp and CE-Chirp Octave Band Stimuli II: Versus Adult Auditory Brainstem Responses},
  author={Cobb, Kensi M and Stuart, Andrew},
  journal={Ear and Hearing},
  volume={37},
  number={6},
  pages={724--743},
  year={2016},
  publisher={Wolters Kluwer Health}
}

@article{liu2025derivative,
  title={Derivative-Guided Dual-Attention Mechanisms in Patch Transformer for Efficient Automated Recognition of Auditory Brainstem Response Latency},
  author={Liu, Y and Sun, H and Li, Q and others},
  journal={IEEE Transactions on Neural Systems and Rehabilitation Engineering},
  volume={33},
  pages={1863--1875},
  year={2025},
  doi={10.1109/TNSRE.2025.3558730}
}

@article{acir2006automatic,
  title={Automatic classification of auditory brainstem responses using SVM-based feature selection algorithm for threshold detection},
  author={Ac{\i}r, Nurettin and {\"O}zdamar, {\"O}zcan and G{\"u}zeli{\c{s}}, C{\"u}neyt},
  journal={Engineering Applications of Artificial Intelligence},
  volume={19},
  number={2},
  pages={209--218},
  year={2006},
  doi={10.1016/j.engappai.2005.08.004}
}

@article{aloufi2023sex,
  title={Sex differences and the effect of female sex hormones on auditory function: A systematic review},
  author={Aloufi, N and Heinrich, A and Marshall, K and Kluk, K},
  journal={Frontiers in Human Neuroscience},
  volume={17},
  pages={1077409},
  year={2023},
  doi={10.3389/fnhum.2023.1077409}
}

@inproceedings{alpsan1991classification,
  title={Classification of auditory brainstem responses by human experts and backpropagation neural networks},
  author={Alpsan, D},
  booktitle={Proceedings of the Annual International Conference of the IEEE Engineering in Medicine and Biology Society},
  volume={13},
  year={1991}
}

@article{arnold1985objective,
  title={Objective versus visual detection of the auditory brain stem response},
  author={Arnold, SA},
  journal={Ear and Hearing},
  volume={6},
  number={3},
  pages={144--150},
  year={1985},
  doi={10.1097/00003446-198505000-00004}
}

@article{ballachanda1992adaptation,
  title={Adaptation of the auditory brainstem response: Effects of click intensity, polarity, and position},
  author={Ballachanda, BB and Moushegian, G and Stillman, RD},
  journal={Journal of the American Academy of Audiology},
  volume={3},
  number={4},
  pages={275--282},
  year={1992}
}

@article{ji2024abr,
  title={ABR-Attention: An Attention-Based Model for Precisely Localizing Auditory Brainstem Response},
  author={Ji, Junyu and Wang, Xin and Jing, Xiaobei and others},
  journal={IEEE Transactions on Neural Systems and Rehabilitation Engineering},
  volume={32},
  pages={3179--3188},
  year={2024},
  doi={10.1109/TNSRE.2024.3445936}
}

@article{ma2023auditory,
  title={Auditory Brainstem Response Data Preprocessing Method for the Automatic Classification of Hearing Loss Patients},
  author={Ma, Jun and Seo, Jae-Hyun and Moon, Il Joon and others},
  journal={Diagnostics},
  volume={13},
  number={23},
  pages={3538},
  year={2023},
  publisher={MDPI}
}

@article{ma2024performance,
  title={Performance Comparison of Convolutional Neural Network-Based Hearing Loss Classification Model Using Auditory Brainstem Response Data},
  author={Ma, J and Choi, SJ and Kim, S and Hong, M},
  journal={Diagnostics},
  volume={14},
  number={12},
  pages={1232},
  year={2024},
  doi={10.3390/diagnostics14121232}
}

@article{wimalarathna2022machine,
  title={Machine learning approaches used to analyze auditory evoked responses from the human auditory brainstem: A systematic review},
  author={Wimalarathna, Hasitha and Ankmnal-Veeranna, Sangamanatha and Allan, Chris and others},
  journal={Computer Methods and Programs in Biomedicine},
  volume={226},
  pages={107118},
  year={2022},
  publisher={Elsevier}
}

@article{mckearney2022auditory,
  title={Auditory Brainstem Response Detection Using Machine Learning: A Comparison With Statistical Detection Methods},
  author={McKearney, Richard M and Bell, Steven L and Chesnaye, Michael A and Simpson, David M},
  journal={Ear and Hearing},
  volume={43},
  number={3},
  pages={949--960},
  year={2022},
  doi={10.1097/AUD.0000000000001151}
}

@article{dobrowolski2016classification,
  title={Classification of auditory brainstem response using wavelet decomposition and SVM network},
  author={Dobrowolski, Andrzej and Suchocki, Micha{\l} and Tomczykiewicz, Kazimierz and Majda-Zdancewicz, Ewelina},
  journal={Biocybernetics and Biomedical Engineering},
  volume={36},
  number={2},
  pages={427--436},
  year={2016},
  publisher={Elsevier}
}

@article{wang2021real,
  title={Real-time threshold determination of auditory brainstem responses by cross-correlation analysis},
  author={Wang, Haoyu and Li, Bei and Lu, Yan and others},
  journal={iScience},
  volume={24},
  number={11},
  pages={103285},
  year={2021},
  publisher={Elsevier}
}

@article{berninger2014analysis,
  title={Analysis of click-evoked auditory brainstem responses using time domain cross-correlations between interleaved responses},
  author={Berninger, E and Olofsson, {\AA} and Leijon, A},
  journal={Ear and Hearing},
  volume={35},
  number={3},
  pages={318--329},
  year={2014},
  doi={10.1097/01.aud.0000441035.40169.f2}
}

@article{shaheen2024abrpresto,
  title={ABRpresto: An algorithm for automatic thresholding of the Auditory Brainstem Response using resampled cross-correlation across subaverages},
  author={Shaheen, LA and Buran, BN and Suthakar, K and others},
  journal={bioRxiv},
  year={2024},
  doi={10.1101/2024.10.31.621303}
}

@article{mckearney2025automated,
  title={Automated wave labelling of the auditory brainstem response using machine learning},
  author={McKearney, Richard M and Simpson, David M and Bell, Steven L},
  journal={International Journal of Audiology},
  volume={64},
  number={7},
  pages={766--771},
  year={2025},
  doi={10.1080/14992027.2024.2404537}
}

@article{davey2007auditory,
  title={Auditory brainstem response classification: a hybrid model using time and frequency features},
  author={Davey, Robert and McCullagh, Paul and Lightbody, Gaye and McAllister, Gerry},
  journal={Artificial Intelligence in Medicine},
  volume={40},
  number={1},
  pages={1--14},
  year={2007},
  doi={10.1016/j.artmed.2006.07.001}
}